% Encoding: UTF-8
@article{seis,
	title={i-Car: An Intelligent and Interactive Interface for Driver Assistance System},
	author={Kumar, H and Ahmed, Zarif and Shetty, Anusha and Bangera, N and Bangera, V},
	journal={Science, Technology and Arts Research Journal},
	volume={3},
	number={2},
	pages={197--200},
	year={2014},
	publisher={Wollega University}
}
@article{sete,
	author    = {Jianqiang Wang and
	Lei Zhang and
	Dezhao Zhang and
	Keqiang Li},
	title     = {An Adaptive Longitudinal Driving Assistance System Based on Driver Characteristics},
	journal   = {{IEEE} Trans. Intelligent Transportation Systems},
	volume    = {14},
	number    = {1},
	pages     = {1--12},
	year      = {2013}
}

@article{oito,
	author    = {Jong{-}Chih Chien and
	Jiann{-}Der Lee and
	Chi{-}Ming Chen and
	Ming{-}Wen Fan and
	Yu{-}Home Chen and
	Li{-}Chang Liu},
	title     = {An integrated driver warning system for driver and pedestrian safety},
	journal   = {Appl. Soft Comput.},
	volume    = {13},
	number    = {11},
	pages     = {4413--4427},
	year      = {2013}
}
@inproceedings{kiokes2011design,
	title={Design and implementation of an OFDM system for vehicular communications with FPGA technologies},
	author={Kiokes, George and Economakos, George and Amditis, Angelos and Uzunoglu, Nikolaos K},
	booktitle={Design \& Technology of Integrated Systems in Nanoscale Era (DTIS), 2011 6th International Conference on},
	pages={1--6},
	year={2011},
	organization={IEEE}
}
@Article{kitt,
  author = {Arthur Nascimento Assunção and Ricardo Creonte Câmara De Meira Santos and Luiz Gustavo Xavier Janeiro and Rafael Ferreira Vitor and Fábio Oliveira de Paula and Ricardo Augusto Rabelo Oliveira},
  title  = {KITT - Sistema de Carro Inteligente Com Apoio á Segurança Do Motorista},
}

@Comment{jabref-meta: databaseType:bibtex;}
